<?xml version="1.0" encoding="UTF-8"?>
<collection xmlns:xsi="http://www.w3.org/2001/XMLSchema-instance" xsi:schemaLocation="http://www.loc.gov/MARC21/slim http://www.loc.gov/standards/marcxml/schema/MARC21slim.xsd" xmlns="http://www.loc.gov/MARC21/slim">
<record>
  <leader>00743cam a22002291  4500</leader>
  <controlfield tag="001">2798819</controlfield>
  <controlfield tag="003">NNC</controlfield>
  <controlfield tag="005">20140922164702.0</controlfield>
  <controlfield tag="008">001213s193u    ua       b    000 0dara d</controlfield>
  <datafield tag="035" ind1=" " ind2=" ">
    <subfield code="a">(OCoLC)ocm45550907</subfield>
  </datafield>
  <datafield tag="035" ind1=" " ind2=" ">
    <subfield code="9">ARR7725CU</subfield>
  </datafield>
  <datafield tag="035" ind1=" " ind2=" ">
    <subfield code="a">(NNC)2798819</subfield>
  </datafield>
  <datafield tag="040" ind1=" " ind2=" ">
    <subfield code="a">ZCU</subfield>
    <subfield code="c">ZCU</subfield>
  </datafield>
  <datafield tag="099" ind1=" " ind2=" ">
    <subfield code="a">895.4Er86</subfield>
    <subfield code="a">L</subfield>
  </datafield>
  <datafield tag="100" ind1="0" ind2=" ">
    <subfield code="a">Mehmet Âkif,</subfield>
    <subfield code="d">1873-1936.</subfield>
  </datafield>
  <datafield tag="245" ind1="1" ind2="3">
    <subfield code="a">al-Ẓilāl,</subfield>
    <subfield code="c">min dīwān Ṣafaḥāt li-al-shāʻir al-turkī Muḥammad ʻĀkif. Naqalahū ilā al-ʻara-bīya Ibrāhīm Sabrī.</subfield>
  </datafield>
  <datafield tag="246" ind1="0" ind2=" ">
    <subfield code="i">At head of title:</subfield>
    <subfield code="a">Min āyāt al-adab al-turkī</subfield>
  </datafield>
  <datafield tag="260" ind1=" " ind2=" ">
    <subfield code="a">[al-Iskandarīya?,</subfield>
    <subfield code="c">193-?]</subfield>
  </datafield>
  <datafield tag="300" ind1=" " ind2=" ">
    <subfield code="a">121 p.</subfield>
  </datafield>
  <datafield tag="500" ind1=" " ind2=" ">
    <subfield code="a">Cover-title.</subfield>
  </datafield>
  <datafield tag="500" ind1=" " ind2=" ">
    <subfield code="a">Includes a short biography of Mehmet Akif.</subfield>
  </datafield>
  <datafield tag="955" ind1=" " ind2=" ">
    <subfield code="b">CU58682538</subfield>
    <subfield code="d">off,glx</subfield>
    <subfield code="e">895.4Er86 L</subfield>
  </datafield>
</record>
</collection>